<?xml version="1.0" encoding="UTF-8"?><collection xmlns="http://www.loc.gov/MARC21/slim"><record><leader>00372nam--2200145-i-4500</leader><controlfield tag="001">000010105</controlfield><controlfield tag="002">20161230</controlfield><controlfield tag="005">20170302173142</controlfield><controlfield tag="008">060222s1000------------r-----000-0-eng-d</controlfield><datafield ind1=" " ind2=" " tag="100"><subfield code="a">Clay, Richard</subfield></datafield><datafield ind1=" " ind2=" " tag="245"><subfield code="a">Nonlinear networks and systems</subfield></datafield><datafield ind1=" " ind2=" " tag="260"><subfield code="a">New York</subfield><subfield code="b">Wiley-Interscience</subfield><subfield code="c">1971</subfield></datafield><datafield ind1=" " ind2=" " tag="300"><subfield code="a">X + 284 p</subfield></datafield><datafield ind1=" " ind2=" " tag="852"><subfield code="a">530.1:621.3.01</subfield></datafield><datafield ind1=" " ind2=" " tag="CAT"><subfield code="a">SYS</subfield><subfield code="c">20170302</subfield><subfield code="h">173142</subfield></datafield></record></collection>